<record><leader>01117cam a2200313 a 4500</leader><controlfield tag="001">1361037</controlfield><controlfield tag="008">910306s1985    cu       b        0 spa d</controlfield><datafield ind1=" " ind2=" " tag="010"><subfield code="a">   87118383</subfield></datafield><datafield ind1=" " ind2=" " tag="035"><subfield code="a">ocm16648805</subfield></datafield><datafield ind1=" " ind2=" " tag="040"><subfield code="a">DLC</subfield><subfield code="b">eng</subfield><subfield code="c">DLC</subfield></datafield><datafield ind1=" " ind2=" " tag="043"><subfield code="a">cl-----</subfield><subfield code="a">nwcu---</subfield></datafield><datafield ind1=" " ind2=" " tag="049"><subfield code="a">AEU</subfield><subfield code="b">eng</subfield></datafield><datafield ind1="0" ind2="0" tag="050"><subfield code="a">PQ7081</subfield><subfield code="b">.A742 1985</subfield></datafield><datafield ind1="0" ind2=" " tag="082"><subfield code="a">860/.998</subfield><subfield code="2">19</subfield></datafield><datafield ind1="0" ind2=" " tag="090"><subfield code="a">PQ 7081 A7655 1985</subfield></datafield><datafield ind1="1" ind2=" " tag="100"><subfield code="a">Arrom, Jos&#233; Juan,</subfield><subfield code="d">1910-2007.</subfield></datafield><datafield ind1="1" ind2="0" tag="245"><subfield code="a">En el fiel de Am&#233;rica :</subfield><subfield code="b">estudios de literatura hispanoamericana /</subfield><subfield code="c">Jos&#233; Juan Arrom.</subfield></datafield><datafield ind1=" " ind2=" " tag="260"><subfield code="a">La Habana, Cuba :</subfield><subfield code="b">Editorial Letras Cubanas,</subfield><subfield code="c">1985.</subfield></datafield><datafield ind1=" " ind2=" " tag="300"><subfield code="a">214 p. ;</subfield><subfield code="c">18 cm.</subfield></datafield><datafield ind1=" " ind2=" " tag="336"><subfield code="a">text</subfield><subfield code="b">txt</subfield><subfield code="2">rdacontent</subfield></datafield><datafield ind1=" " ind2=" " tag="337"><subfield code="a">unmediated</subfield><subfield code="b">n</subfield><subfield code="2">rdamedia</subfield></datafield><datafield ind1=" " ind2=" " tag="338"><subfield code="a">volume</subfield><subfield code="b">nc</subfield><subfield code="2">rdacarrier</subfield></datafield><datafield ind1="1" ind2=" " tag="490"><subfield code="a">Giraldilla.</subfield></datafield><datafield ind1=" " ind2=" " tag="504"><subfield code="a">Includes bibliographical references.</subfield></datafield><datafield ind1=" " ind2=" " tag="596"><subfield code="a">38</subfield></datafield><datafield ind1=" " ind2="0" tag="650"><subfield code="a">Spanish American literature</subfield><subfield code="x">History and criticism.</subfield></datafield><datafield ind1=" " ind2="0" tag="650"><subfield code="a">Cuban literature</subfield><subfield code="x">History and criticism.</subfield></datafield><datafield ind1=" " ind2="0" tag="830"><subfield code="a">Giraldilla.</subfield></datafield><datafield ind1=" " ind2=" " tag="926"><subfield code="a">PQ 7081 A7655 1985</subfield><subfield code="w">LC</subfield><subfield code="c">1</subfield><subfield code="i">000035877729</subfield><subfield code="d">9/16/1999</subfield><subfield code="l">ON_SHELF</subfield><subfield code="m">UABARD</subfield><subfield code="n">2</subfield><subfield code="p">$150.00</subfield><subfield code="r">Y</subfield><subfield code="s">Y</subfield><subfield code="t">BOOK</subfield><subfield code="u">3/15/1991</subfield><subfield code="o">.STAFF. B26654</subfield><subfield code="o">.STAFF. B0027496</subfield></datafield></record>